<record><leader>00000cas a22000007a 4500</leader><controlfield tag="001">27053378</controlfield><controlfield tag="008">921202d18711uuucaudn ne      0    0eng d</controlfield><datafield ind1=" " ind2=" " tag="010"><subfield code="a">sn 92068427 </subfield></datafield><datafield ind1=" " ind2=" " tag="040"><subfield code="a">CUY</subfield><subfield code="b">eng</subfield><subfield code="c">CNK</subfield><subfield code="d">OCLCQ</subfield></datafield><datafield ind1=" " ind2=" " tag="042"><subfield code="a">msc</subfield></datafield><datafield ind1="0" ind2="0" tag="245"><subfield code="a">Petaluma crescent.</subfield></datafield><datafield ind1=" " ind2=" " tag="260"><subfield code="a">Petaluma [Calif.] :</subfield><subfield code="b">A. McGuire &amp; Co.</subfield></datafield><datafield ind1=" " ind2=" " tag="300"><subfield code="a">v.</subfield></datafield><datafield ind1=" " ind2=" " tag="310"><subfield code="a">Daily (except Mon.)</subfield></datafield><datafield ind1="1" ind2=" " tag="362"><subfield code="a">Began in 1871.</subfield></datafield><datafield ind1=" " ind2=" " tag="588"><subfield code="a">Description based on: Vol. 2, no. 3 (Mar. 1, 1871).</subfield></datafield><datafield ind1=" " ind2="4" tag="651"><subfield code="a">Sonoma County (Calif.)</subfield><subfield code="v">Newspapers.</subfield></datafield><datafield ind1=" " ind2=" " tag="752"><subfield code="a">United States</subfield><subfield code="b">California</subfield><subfield code="c">Sonoma</subfield><subfield code="d">Petaluma.</subfield></datafield><datafield ind1="0" ind2="0" tag="780"><subfield code="t">Petaluma daily crescent</subfield><subfield code="w">(DLC)sn 92068426</subfield></datafield><datafield ind1="1" ind2=" " tag="029"><subfield code="a">AU@</subfield><subfield code="b">000020734372</subfield></datafield></record>